<record><leader>00000cas a2200000 a 4500</leader><controlfield tag="001">11742599</controlfield><controlfield tag="008">850227c19539999kyuwr ne      0   a0eng d</controlfield><controlfield tag="009">5569</controlfield><datafield ind1=" " ind2=" " tag="010"><subfield code="a">sn 85052019 </subfield></datafield><datafield ind1=" " ind2=" " tag="040"><subfield code="a">KNP</subfield><subfield code="b">eng</subfield><subfield code="c">KNP</subfield><subfield code="d">NSD</subfield><subfield code="d">OCLCQ</subfield><subfield code="d">KYUBL</subfield><subfield code="d">OCLCQ</subfield><subfield code="d">OCLCO</subfield></datafield><datafield ind1=" " ind2=" " tag="012"><subfield code="m">1</subfield></datafield><datafield ind1="0" ind2=" " tag="022"><subfield code="a">1082-6777</subfield><subfield code="l">1082-6777</subfield><subfield code="2">1</subfield></datafield><datafield ind1="1" ind2=" " tag="029"><subfield code="a">AU@</subfield><subfield code="b">000020368963</subfield></datafield><datafield ind1=" " ind2=" " tag="032"><subfield code="a">388180</subfield><subfield code="b">USPS</subfield></datafield><datafield ind1=" " ind2=" " tag="042"><subfield code="a">msc</subfield><subfield code="a">nsdp</subfield></datafield><datafield ind1=" " ind2=" " tag="043"><subfield code="a">n-us-ky</subfield></datafield><datafield ind1="0" ind2=" " tag="130"><subfield code="a">News-herald (Owenton, Ky. : 1953)</subfield></datafield><datafield ind1=" " ind2="4" tag="222"><subfield code="a">The news-herald</subfield><subfield code="b">(Owenton, Ky. 1953)</subfield></datafield><datafield ind1="1" ind2="4" tag="245"><subfield code="a">The news-herald.</subfield></datafield><datafield ind1=" " ind2=" " tag="260"><subfield code="a">Owenton, Ky. :</subfield><subfield code="b">N.A. Perry, Jr.,</subfield><subfield code="c">1953-</subfield></datafield><datafield ind1=" " ind2=" " tag="300"><subfield code="a">v. :</subfield><subfield code="b">ill.</subfield></datafield><datafield ind1=" " ind2=" " tag="310"><subfield code="a">Weekly</subfield></datafield><datafield ind1="0" ind2=" " tag="362"><subfield code="a">Vol. 85, no. 1 (Jan. 1, 1953)-</subfield></datafield><datafield ind1=" " ind2="0" tag="651"><subfield code="a">Owen County (Ky.)</subfield><subfield code="v">Newspapers.</subfield></datafield><datafield ind1=" " ind2="0" tag="651"><subfield code="a">Owenton County (Ky.)</subfield><subfield code="v">Newspapers.</subfield></datafield><datafield ind1=" " ind2=" " tag="752"><subfield code="a">United States</subfield><subfield code="b">Kentucky</subfield><subfield code="c">Owen</subfield><subfield code="d">Owenton.</subfield></datafield><datafield ind1="0" ind2="0" tag="780"><subfield code="t">News-herald and Owen County democrat</subfield><subfield code="w">(DLC)sn 85052018</subfield></datafield></record>